<?xml version="1.0" encoding="UTF-8"?>
<collection xmlns:xsi="http://www.w3.org/2001/XMLSchema-instance" xsi:schemaLocation="http://www.loc.gov/MARC21/slim http://www.loc.gov/standards/marcxml/schema/MARC21slim.xsd" xmlns="http://www.loc.gov/MARC21/slim">
<record>
  <leader>00902cam a2200229 a 4500</leader>
  <controlfield tag="001">2871199</controlfield>
  <controlfield tag="003">NNC</controlfield>
  <controlfield tag="005">20130425234611.0</controlfield>
  <controlfield tag="008">961018s18uu    tu            000 0 arard</controlfield>
  <datafield tag="035" ind1=" " ind2=" ">
    <subfield code="a">(OCoLC)ocm35760113</subfield>
  </datafield>
  <datafield tag="035" ind1=" " ind2=" ">
    <subfield code="9">ASA5780CU</subfield>
  </datafield>
  <datafield tag="035" ind1=" " ind2=" ">
    <subfield code="a">(NNC)2871199</subfield>
  </datafield>
  <datafield tag="040" ind1=" " ind2=" ">
    <subfield code="a">UUM</subfield>
    <subfield code="c">UUM</subfield>
    <subfield code="d">ZCU</subfield>
  </datafield>
  <datafield tag="090" ind1=" " ind2=" ">
    <subfield code="a">BP75.B3</subfield>
    <subfield code="b">K4</subfield>
  </datafield>
  <datafield tag="100" ind1="1" ind2=" ">
    <subfield code="a">Kharbūtī, ʻUmar ibn Aḥmad,</subfield>
    <subfield code="d">1801 or 1802-1881 or 1882.</subfield>
  </datafield>
  <datafield tag="245" ind1="1" ind2="0">
    <subfield code="a">ʻAṣīdat al-shahdah, sharḥ qaṣīdat al-Burdah  /</subfield>
    <subfield code="c">lil- Kharpūtī. Wa-bi-hāmishihā Sharḥ Shaykhʹzādah.</subfield>
  </datafield>
  <datafield tag="260" ind1=" " ind2=" ">
    <subfield code="a">[Istanbul?] :</subfield>
    <subfield code="b">Maṭbaʻah-i Aḥmad Kāmil,</subfield>
    <subfield code="c">[18--?]</subfield>
  </datafield>
  <datafield tag="300" ind1=" " ind2=" ">
    <subfield code="a">228 p. ;</subfield>
    <subfield code="c">27 cm.</subfield>
  </datafield>
  <datafield tag="600" ind1="1" ind2="0">
    <subfield code="a">Būṣīrī, Sharaf al-Dīn Muḥammad ibn Saʻīd,</subfield>
    <subfield code="d">1213?-1296?</subfield>
    <subfield code="t">Burdah.</subfield>
  </datafield>
  <datafield tag="700" ind1="1" ind2=" ">
    <subfield code="a">Shaykhʹzādah, Muḥammad ibn Muṣṭafá,</subfield>
    <subfield code="d">-1544 or 1545.</subfield>
    <subfield code="t">Sharḥ qaṣīdat al-Burdah.</subfield>
    <subfield code="f">1888.</subfield>
  </datafield>
  <datafield tag="740" ind1="0" ind2=" ">
    <subfield code="a">Sharḥ qaṣīdat al-Burdah.</subfield>
  </datafield>
  <datafield tag="955" ind1=" " ind2=" ">
    <subfield code="b">CU55308112</subfield>
    <subfield code="d">off,glx</subfield>
    <subfield code="e">BP75.B3 K4</subfield>
  </datafield>
</record>
</collection>